@online{tfidf,
  author = {gitbooks},
  title = {TF-IDF: Term Frequency-Inverse Document },
  year = 2016,
  url = {https://lizrush.gitbooks.io/algorithms-for-webdevs-ebook/content/chapters/tf-idf.html},
  urldate = {2017-12-22}
}
@online{cosine,
  author = {Apache Hadoop},
  title = {hristian S. Perone},
  year = 2017,
  url = {http://blog.christianperone.com/2013/09/machine-learning-cosine-similarity-for-vector-space-models-part-iii/},
  urldate = {2017-12-20}
}
@online{dbscan,
  author = {hiragnagpal},
  title = {Asimple-DBScan},
  year = 2014,
  url = {https://github.com/chiragnagpal/simple-DBScan/blob/master/dbscan.py},
  urldate = {2018-01-5}
}

@manual{LabManual,
title        = {Project Guidelines},
author       = {Nikos Deligiannis and Duc Minh Nguyen and Tien Do Huu}, 
organization = {Vrije Univesiteit Brussel},
month        = 12,
year         = 2017,
}

@manual{ClassNotes,
title        = {Course Slides},
author       = {Nikos Deligiannis}, 
organization = {Vrije Univesiteit Brussel},
month        = 12,
year         = 2017,
}